<?xml version="1.0" encoding="UTF-8"?><collection xmlns="http://www.loc.gov/MARC21/slim"><record><leader>00482nam--2200169-i-4500</leader><controlfield tag="001">000027262</controlfield><controlfield tag="002">20161230</controlfield><controlfield tag="005">20170115160044</controlfield><controlfield tag="008">060222s1000------------r-----000-0-eng-d</controlfield><datafield ind1=" " ind2=" " tag="080"><subfield code="a">621.039.56</subfield></datafield><datafield ind1=" " ind2=" " tag="100"><subfield code="a">Kongso, H. E</subfield></datafield><datafield ind1=" " ind2=" " tag="245"><subfield code="a">Power meadurement at the Danish reactor dr 2 based on n16 activity of the primary coolant</subfield></datafield><datafield ind1=" " ind2=" " tag="260"><subfield code="a">Riso</subfield><subfield code="b">Danish Atomic Energy Commission</subfield><subfield code="c">1961</subfield></datafield><datafield ind1=" " ind2=" " tag="300"><subfield code="a">23 p</subfield></datafield><datafield ind1=" " ind2=" " tag="700"><subfield code="a">Nielsen, K. O</subfield></datafield><datafield ind1=" " ind2=" " tag="852"><subfield code="a">13457</subfield></datafield><datafield ind1=" " ind2=" " tag="CAT"><subfield code="a">SYS</subfield><subfield code="c">20170115</subfield><subfield code="h">160044</subfield></datafield></record></collection>